<?xml version="1.0" encoding="UTF-8"?><collection xmlns="http://www.loc.gov/MARC21/slim"><record><leader>00478nam--2200169-u-4500</leader><controlfield tag="001">000056323</controlfield><controlfield tag="002">20161230</controlfield><controlfield tag="005">20161230201052</controlfield><controlfield tag="008">150611s1000------------r-----000-0-eng-d</controlfield><datafield ind1=" " ind2=" " tag="020"><subfield code="a">97811491289501</subfield></datafield><datafield ind1=" " ind2=" " tag="040"><subfield code="a">IFIN-HH</subfield></datafield><datafield ind1="1" ind2=" " tag="100"><subfield code="a">Duursma, Egbert K</subfield></datafield><datafield ind1="1" ind2="0" tag="245"><subfield code="a">Einstein's cosmic ether, the atomic ether, their etherons and our mind</subfield><subfield code="c">Egbert k. duursma</subfield></datafield><datafield ind1=" " ind2=" " tag="260"><subfield code="a">Charleston</subfield><subfield code="b">Create Space</subfield><subfield code="c">2014</subfield></datafield><datafield ind1=" " ind2=" " tag="300"><subfield code="a">40P</subfield></datafield><datafield ind1=" " ind2=" " tag="852"><subfield code="a">82399</subfield><subfield code="c">530.1</subfield></datafield><datafield ind1=" " ind2=" " tag="CAT"><subfield code="a">Sys</subfield><subfield code="c">20150611</subfield><subfield code="h">150318</subfield></datafield></record></collection>